<record><leader>00000cas a2200000 a 4500</leader><controlfield tag="001">22741961</controlfield><controlfield tag="008">901127c18uu9999iludn ne      0   a0eng c</controlfield><datafield ind1=" " ind2=" " tag="010"><subfield code="a">sn 90054842 </subfield></datafield><datafield ind1=" " ind2=" " tag="040"><subfield code="a">NVF</subfield><subfield code="b">eng</subfield><subfield code="c">NVF</subfield><subfield code="d">OCL</subfield><subfield code="d">NVF</subfield><subfield code="d">OCLCF</subfield><subfield code="d">OCLCO</subfield><subfield code="d">NVF</subfield></datafield><datafield ind1=" " ind2=" " tag="042"><subfield code="a">pcc</subfield></datafield><datafield ind1=" " ind2=" " tag="043"><subfield code="a">n-us-il</subfield></datafield><datafield ind1="0" ind2=" " tag="130"><subfield code="a">Shelbyville daily union (Shelbyville, Ill. : 1897)</subfield></datafield><datafield ind1="1" ind2="4" tag="245"><subfield code="a">The Shelbyville daily union.</subfield></datafield><datafield ind1="1" ind2=" " tag="246"><subfield code="i">Published as:</subfield><subfield code="a">Shelbyville daily union and the Shelbyville news</subfield><subfield code="f">Aug. 30-Oct. 29, 1955</subfield></datafield><datafield ind1=" " ind2=" " tag="260"><subfield code="a">Shelbyville, Ill. :</subfield><subfield code="b">Horace L. Martin</subfield></datafield><datafield ind1=" " ind2=" " tag="300"><subfield code="a">volumes</subfield></datafield><datafield ind1=" " ind2=" " tag="310"><subfield code="a">Daily (except Saturday and Sunday),</subfield><subfield code="b">Oct. 11, 1965-</subfield></datafield><datafield ind1=" " ind2=" " tag="321"><subfield code="a">Daily (except Sunday),</subfield><subfield code="b">&lt;Oct. 1, 1897&gt;-Oct. 9, 1965</subfield></datafield><datafield ind1=" " ind2=" " tag="580"><subfield code="a">Weekly ed.: Shelbyville union, &lt;1897-1936&gt;.</subfield></datafield><datafield ind1=" " ind2=" " tag="588"><subfield code="a">Description based on: 11th year, whole no. 3299 (Oct. 1, 1897).</subfield></datafield><datafield ind1=" " ind2="0" tag="651"><subfield code="a">Shelbyville (Ill.)</subfield><subfield code="v">Newspapers.</subfield></datafield><datafield ind1=" " ind2="7" tag="651"><subfield code="a">Illinois</subfield><subfield code="z">Shelbyville.</subfield><subfield code="2">fast</subfield><subfield code="0">(OCoLC)fst01217908</subfield></datafield><datafield ind1=" " ind2="7" tag="655"><subfield code="a">Newspapers.</subfield><subfield code="2">fast</subfield><subfield code="0">(OCoLC)fst01423814</subfield></datafield><datafield ind1=" " ind2=" " tag="752"><subfield code="a">United States</subfield><subfield code="b">Illinois</subfield><subfield code="c">Shelby County</subfield><subfield code="d">Shelbyville.</subfield></datafield><datafield ind1="1" ind2=" " tag="775"><subfield code="t">Shelbyville union</subfield><subfield code="w">(DLC)sn 90054844</subfield><subfield code="w">(OCoLC)22741849</subfield></datafield><datafield ind1="0" ind2="0" tag="780"><subfield code="t">Daily union (Shelbyville, Ill.)</subfield><subfield code="w">(DLC)sn 90054843</subfield><subfield code="w">(OCoLC)22741904</subfield></datafield><datafield ind1="0" ind2="5" tag="780"><subfield code="t">Shelbyville news (Shelbyville, Ill.)</subfield><subfield code="w">(DLC)sn 90054841</subfield><subfield code="w">(OCoLC)22741779</subfield></datafield></record>